@article{Anturkar1990,
 author = {Anturkar, N. R. and Papanastasiou, T. C. and Wilkes, J. O.},
 doi = {10.1002/aic.690360508},
 issn = {0001-1541},
 journal = {AIChE Journal},
 link = {http://doi.wiley.com/10.1002/aic.690360508},
 number = {5},
 pages = {710--724},
 title = {Stability of multilayer extrusion of viscoelastic liquids},
 volume = {36},
 year = {1990}
}

@article{Azaiez1994,
 author = {Azaiez, J and Homsy, GM},
 journal = {Journal of Fluid Mechanics},
 link = {http://journals.cambridge.org/abstract{\_}S0022112094001254},
 title = {Linear stability of free shear flow of viscoelastic liquids},
 year = {1994}
}

@article{Beaumont2013,
 author = {Beaumont, Julien and Louvet, Nicolas and Divoux, Thibaut and Fardin, Marc-Antoine and Bodiguel, Hugues and Lerouge, Sandra and Manneville, S{\'{e}}bastien and Colin, Annie},
 doi = {10.1039/C2SM26760H},
 issn = {1744-683X},
 journal = {Soft Matter},
 link = {http://xlink.rsc.org/?DOI=C2SM26760H},
 number = {3},
 pages = {735--749},
 title = {Turbulent flows in highly elastic wormlike micelles},
 volume = {9},
 year = {2013}
}

@article{Bonhomme2011,
 author = {Bonhomme, Oriane and Morozov, Alexander and Leng, Jacques and Colin, Annie},
 doi = {10.1103/PhysRevE.83.065301},
 issn = {1539-3755},
 journal = {Physical Review E},
 month = {jun},
 number = {6, 2},
 title = {Elastic instability in stratified core annular flow},
 volume = {83},
 year = {2011}
}

@article{Brady2002,
 author = {Brady, J F and Carpen, I C},
 doi = {10.1016/S0377-0257(01)00179-3},
 issn = {0377-0257},
 journal = {Journal of Non-Newtonian Fluid Mechanics},
 month = {feb},
 number = {2, SI},
 pages = {219--232},
 title = {Second normal stress jump instability in non-Newtonian fluids},
 volume = {102},
 year = {2002}
}

@article{Chen1991a,
 author = {Chen, KangPing},
 doi = {10.1016/0377-0257(91)85011-7},
 issn = {03770257},
 journal = {Journal of Non-Newtonian Fluid Mechanics},
 link = {http://dx.doi.org/10.1016/0377-0257(91)85011-7},
 number = {2},
 pages = {155--175},
 title = {Interfacial instability due to elastic stratification in concentric coextrusion of two viscoelastic fluids},
 volume = {40},
 year = {1991}
}

@article{Chen1991b,
 author = {Chen, KangPing},
 doi = {10.1016/0377-0257(91)85015-B},
 issn = {03770257},
 journal = {Journal of Non-Newtonian Fluid Mechanics},
 link = {http://linkinghub.elsevier.com/retrieve/pii/037702579185015B},
 month = {sep},
 number = {2},
 pages = {261--267},
 title = {Elastic instability of the interface in Couette flow of viscoelastic liquids},
 volume = {40},
 year = {1991}
}

@article{Chen1992a,
 author = {Chen, K P},
 doi = {10.1016/0377-0257(92)80059-7},
 issn = {0377-0257},
 journal = {Journal of Non-Newtonian Fluid Mechanics},
 month = {oct},
 number = {1},
 pages = {21--45},
 title = {The Onset Of Elastically Driven Wavy Motion In The Flow Of 2 Viscoelastic Liquid-Films Down An Inclined Plane},
 volume = {45},
 year = {1992}
}

@article{Chen1992b,
 author = {Chen, K P and Joseph, D. D.},
 doi = {10.1016/0377-0257(92)80009-M},
 issn = {0377-0257},
 journal = {Journal of Non-Newtonian Fluid Mechanics},
 month = {mar},
 number = {1-2},
 pages = {189--211},
 title = {Elastic Short-Wave Instability In Extrusion Flows Of Viscoelastic Liquids},
 volume = {42},
 year = {1992}
}

@article{Chen1993,
 author = {Chen, Kang Ping and Zhang, Yi},
 doi = {10.1017/S0022112093000539},
 issn = {0022-1120},
 journal = {Journal of Fluid Mechanics},
 link = {http://www.journals.cambridge.org/abstract{\_}S0022112093000539},
 pages = {489},
 title = {Stability of the interface in co-extrusion flow of two viscoelastic fluids through a pipe},
 volume = {247},
 year = {1993}
}

@article{Chen1994,
 author = {Chen, KangPing and Crighton, D. G.},
 doi = {10.1063/1.868078},
 issn = {10706631},
 journal = {Physics of Fluids},
 link = {http://www.scopus.com/inward/record.url?eid=2-s2.0-30244540912{\&}partnerID=tZOtx3y1},
 number = {1},
 pages = {152--163},
 title = {Instability of the large Reynolds number flow of a Newtonian fluid over a viscoelastic fluid},
 volume = {6},
 year = {1994}
}

@article{Chokshi2015,
 author = {Chokshi, Paresh and Gupta, Supriya and Yadav, Sheshnath and Agrawal, Ankit},
 doi = {10.1016/j.jnnfm.2015.07.013},
 issn = {03770257},
 journal = {Journal of Non-Newtonian Fluid Mechanics},
 link = {http://linkinghub.elsevier.com/retrieve/pii/S0377025715001391},
 pages = {17--29},
 publisher = {Elsevier Ltd.},
 title = {Interfacial instability in two-layer Couette–Poiseuille flow of viscoelastic fluids},
 volume = {224},
 year = {2015}
}

@article{Coward1997,
 author = {Coward, A. V. and Renardy, Y. Y.},
 doi = {10.1016/S0377-0257(96)01545-5},
 issn = {03770257},
 journal = {Journal of Non-Newtonian Fluid Mechanics},
 pages = {155--183},
 title = {Thin film core-annular flow of upper-convected maxwell liquids},
 volume = {70},
 year = {1997}
}

@article{Dubief2013,
 archiveprefix = {arXiv},
 arxivid = {arXiv:1301.3952v1},
 author = {Dubief, Yves and Terrapon, Vincent E and Soria, Julio},
 eprint = {arXiv:1301.3952v1},
 journal = {Physics of Fluids},
 title = {On the mechanism of elasto-inertial turbulence},
 volume = {25},
 year = {2013}
}

@article{Fardin2014,
 author = {Fardin, M. A. and Perge, C. and Taberlet, N.},
 doi = {10.1039/c3sm52828f},
 issn = {1744-683X},
 journal = {Soft Matter},
 link = {http://xlink.rsc.org/?DOI=c3sm52828f},
 number = {20},
 pages = {3523},
 title = {“The hydrogen atom of fluid dynamics” – introduction to the Taylor–Couette flow for soft matter scientists},
 volume = {10},
 year = {2014}
}

@article{Fielding2005,
 author = {Fielding, S M},
 doi = {10.1103/PhysRevLett.95.134501},
 issn = {0031-9007},
 journal = {Physical Review Letters},
 month = {sep},
 number = {13},
 title = {Linear instability of planar shear banded flow},
 volume = {95},
 year = {2005}
}

@article{Fielding2010,
 archiveprefix = {arXiv},
 arxivid = {0909.0447},
 author = {Fielding, Suzanne M. and Wilson, Helen J.},
 doi = {10.1016/j.jnnfm.2009.12.001},
 eprint = {0909.0447},
 issn = {03770257},
 journal = {Journal of Non-Newtonian Fluid Mechanics},
 link = {http://dx.doi.org/10.1016/j.jnnfm.2009.12.001},
 number = {5-6},
 pages = {196--202},
 publisher = {Elsevier B.V.},
 title = {Shear banding and interfacial instability in planar Poiseuille flow},
 volume = {165},
 year = {2010}
}

@article{Ganpule1998,
 author = {Ganpule, H K and Khomami, B},
 doi = {10.1016/S0377-0257(98)00114-1},
 issn = {0377-0257},
 journal = {Journal of Non-Newtonian Fluid Mechanics},
 month = {nov},
 number = {2-3},
 pages = {315--360},
 title = {A theoretical investigation of interfacial instabilities in the three layer superposed channel flow of viscoelastic fluids},
 volume = {79},
 year = {1998}
}

@article{Ganpule1999,
 author = {Ganpule, H K and Khomami, B},
 doi = {10.1016/S0377-0257(98)00088-3},
 issn = {0377-0257},
 journal = {Journal of Non-Newtonian Fluid Mechanics},
 month = {feb},
 number = {1-2},
 pages = {27--69},
 title = {An investigation of interfacial instabilities in the superposed channel flow of viscoelastic fluids},
 volume = {81},
 year = {1999}
}

@article{Graham1999,
 author = {Graham, Michael D.},
 doi = {10.1063/1.166386},
 issn = {1089-7682},
 journal = {Chaos (Woodbury, N.Y.)},
 link = {http://www.ncbi.nlm.nih.gov/pubmed/12779809},
 number = {1},
 pages = {154--163},
 pmid = {12779809},
 title = {The sharkskin instability of polymer melt flows.},
 volume = {9},
 year = {1999}
}

@article{Groisman2000,
 author = {Groisman, A. and Steinberg, V.},
 doi = {10.1038/35011019},
 issn = {1476-4687},
 journal = {Nature},
 link = {http://www.ncbi.nlm.nih.gov/pubmed/10811214},
 month = {may},
 number = {6782},
 pages = {53--5},
 pmid = {10811214},
 title = {Elastic turbulence in a polymer solution flow},
 volume = {405},
 year = {2000}
}

@article{Han1985,
 author = {Han, C},
 journal = {Journal of Applied Polymer Science},
 pages = {1875--1883},
 title = {A study of coextrusion in a circular die},
 volume = {19},
 year = {1985}
}

@article{Hinch1984,
 author = {Hinch, EJ},
 journal = {Journal of Fluid Mechanics},
 link = {http://journals.cambridge.org/abstract{\_}S0022112084001695},
 pages = {463--465},
 title = {A note on the mechanism of the instability at the interface between two shearing fluids},
 volume = {144},
 year = {1984}
}

@article{Hinch1992,
 author = {Hinch, EJ and Harris, OJ and Rallison, JM},
 journal = {Journal of non-newtonian fluid mechanics},
 link = {http://www.sciencedirect.com/science/article/pii/0377025792800302},
 pages = {311--324},
 title = {The instability mechanism for two elastic liquids being co-extruded},
 volume = {43},
 year = {1992}
}

@article{Hooper1983,
 author = {Hooper, a. P. and Boyd, W. G. C.},
 doi = {10.1017/S0022112083000580},
 issn = {0022-1120},
 journal = {Journal of Fluid Mechanics},
 number = {-1},
 pages = {507},
 title = {Shear-flow instability at the interface between two viscous fluids},
 volume = {128},
 year = {1983}
}

@article{Hooper1985,
 author = {Hooper, a. P.},
 doi = {10.1063/1.864952},
 issn = {00319171},
 journal = {Physics of Fluids},
 link = {http://link.aip.org/link/PFLDAS/v28/i6/p1613/s1{\&}Agg=doi},
 number = {6},
 pages = {1613},
 title = {Long-wave instability at the interface between two viscous fluids: Thin layer effects},
 volume = {28},
 year = {1985}
}

@article{Hooper1985a,
 author = {Hooper, a. P. and Grimshaw, R},
 doi = {10.1063/1.865160},
 journal = {Physics of fluids},
 pages = {37},
 title = {nonlinear  instability at the interface between two viscous fluids},
 volume = {28},
 year = {1985}
}

@article{Khan1976,
 author = {Khan, Ashfaq a.},
 doi = {10.1122/1.549426},
 issn = {01486055},
 journal = {Journal of Rheology},
 link = {http://link.aip.org/link/?JOR/20/595/1{\&}Agg=doi},
 number = {4},
 pages = {595},
 title = {On the Interface Deformation in the Stratified Two-Phase Flow of Viscoelastic Fluids},
 volume = {20},
 year = {1976}
}

@article{Khan1977,
 author = {Khan, Ashfaq A and Han, Chang D A E},
 journal = {Transactions Of The Society Of Rheology},
 number = {1},
 pages = {101--131},
 title = {A Study on the Interfacial Instability in the Stratified Flow of Two Viscoelastic Fluids Through a Rectangular Duct},
 volume = {21},
 year = {1977}
}

@article{Khomami1997,
 author = {Khomami, B and Ranjbaran, M M},
 doi = {10.1007/BF00396323},
 issn = {0035-4511},
 journal = {Rheologica Acta},
 number = {4},
 pages = {345--366},
 title = {Experimental studies of interfacial instabilities in multilayer pressure-driven flow of polymeric melts},
 volume = {36},
 year = {1997}
}

@article{Khomami2000a,
 author = {Khomami, B and Su, K C},
 doi = {10.1016/S0377-0257(99)00086-5},
 issn = {0377-0257},
 journal = {Journal of Non-Newtonian Fluid Mechanics},
 month = {jun},
 number = {1},
 pages = {59--84},
 title = {An experimental/theoretical investigation of interfacial instabilities in superposed pressure-driven channel flow of Newtonian and well characterized viscoelastic fluids Part I: linear stability and encapsulation effects},
 volume = {91},
 year = {2000}
}

@article{Khomami2000b,
 author = {Khomami, B and Renardy, Y and Su, K C and Clarke, M A},
 doi = {10.1016/S0377-0257(99)00087-7},
 issn = {0377-0257},
 journal = {Journal of Non-Newtonian Fluid Mechanics},
 month = {jun},
 number = {1},
 pages = {85--104},
 title = {An experimental/theoretical investigation of interfacial instabilities in superposed pressure-driven channel flow of Newtonian and well characterized viscoelastic fluids Part II: Nonlinear stability},
 volume = {91},
 year = {2000}
}

@article{Larson1990,
 author = {Larson, R. G. and Shaqfeh, Eric S. G. and Muller, S. J.},
 doi = {10.1017/S0022112090001124},
 issn = {0022-1120},
 journal = {Journal of Fluid Mechanics},
 link = {http://www.journals.cambridge.org/abstract{\_}S0022112090001124},
 month = {apr},
 pages = {573},
 title = {A purely elastic instability in Taylor Couette flow},
 volume = {218},
 year = {1990}
}

@article{Larson1992,
 author = {Larson, R G},
 doi = {10.1007/BF00366504},
 issn = {0035-4511},
 journal = {Rheologica Acta},
 number = {3},
 pages = {213--263},
 title = {Instabilities In Viscoelastic Flows},
 volume = {31},
 year = {1992}
}

@article{Laure1997,
 author = {Laure, P and LeMeur, H and Demay, Y and Saut, J C and Scotto, S},
 doi = {10.1016/S0377-0257(97)00011-6},
 issn = {0377-0257},
 journal = {Journal of Non-Newtonian Fluid Mechanics},
 month = {jul},
 number = {1-2},
 pages = {1--23},
 title = {Linear stability of multilayer plane Poiseuille flows of Oldroyd B fluids},
 volume = {71},
 year = {1997}
}

@article{Li1969,
 author = {Li, Chin-Hsiu},
 doi = {10.1063/1.1692516},
 issn = {00319171},
 journal = {Physics of Fluids},
 link = {http://scitation.aip.org/content/aip/journal/pof1/12/3/10.1063/1.1692516},
 number = {3},
 pages = {531},
 title = {Stability of Two Superposed Elasticoviscous Liquids in Plane Couette Flow},
 volume = {12},
 year = {1969}
}

@article{Mahdaoui2013,
 author = {Mahdaoui, O. and Laure, P. and Agassant, J.-F.},
 doi = {10.1016/j.jnnfm.2012.12.014},
 issn = {03770257},
 journal = {Journal of Non-Newtonian Fluid Mechanics},
 link = {http://www.sciencedirect.com/science/article/pii/S0377025713000220$\backslash$nhttp://www.scopus.com/inward/record.url?eid=2-s2.0-84875268883{\&}partnerID=tZOtx3y1},
 pages = {67--76},
 publisher = {Elsevier B.V.},
 title = {Numerical investigations of polyester coextrusion instabilities},
 volume = {195},
 year = {2013}
}

@article{McKinley1996,
 author = {McKinley, G H and Pakdel, P and Oztekin, A},
 doi = {10.1016/S0377-0257(96)01453-X},
 issn = {0377-0257},
 journal = {Journal of Non-Newtonian Fluid Mechanics},
 month = {nov},
 pages = {19--47},
 title = {Rheological and geometric scaling of purely elastic flow instabilities},
 volume = {67},
 year = {1996}
}

@article{Mcleish1987,
 author = {Mcleish, T C B and Road, Madingley},
 journal = {Journal of Polymer Science Part B: Polymer Physics},
 pages = {2253--2264},
 title = {Stability of the Interface Between Two Dynamic Phases in Capillary Flow of Linear Polymer Melts},
 volume = {25},
 year = {1987}
}

@article{Meulenbroek2004,
 archiveprefix = {arXiv},
 arxivid = {cond-mat/0310017},
 author = {Meulenbroek, Bernard and Storm, Cornelis and Morozov, Alexander N. and van Saarloos, Wim},
 doi = {10.1016/j.jnnfm.2003.09.003},
 eprint = {0310017},
 issn = {03770257},
 journal = {Journal of Non-Newtonian Fluid Mechanics},
 link = {http://apps.webofknowledge.com.accesdistant.upmc.fr/full{\_}record.do?product=UA{\&}search{\_}mode=CitingArticles{\&}qid=22{\&}SID=U2BxOmCfJofIxlwCOUw{\&}page=3{\&}doc=23},
 number = {2-3},
 pages = {235--268},
 primaryclass = {cond-mat},
 title = {Weakly nonlinear subcritical instability of visco-elastic Poiseuille flow},
 volume = {116},
 year = {2004}
}

@article{Miller2007a,
 author = {Miller, J C and Rallison, J M},
 doi = {10.1016/j.jnnfm.2007.01.009},
 issn = {0377-0257},
 journal = {Journal of Non-Newtonian Fluid Mechanics},
 month = {may},
 number = {2-3},
 pages = {71--87},
 title = {Interfacial instability between sheared elastic liquids in a channel},
 volume = {143},
 year = {2007}
}

@article{Miller2007b,
 author = {Miller, JC and Rallison, J.M.},
 doi = {10.1016/j.jnnfm.2007.01.008},
 issn = {03770257},
 journal = {Journal of non-newtonian fluid mechanics},
 link = {http://linkinghub.elsevier.com/retrieve/pii/S0377025707000365 http://www.sciencedirect.com/science/article/pii/S0377025707000365},
 month = {may},
 number = {2-3},
 pages = {88--106},
 title = {Instability of coextruded elastic liquids at high Weissenberg number},
 volume = {143},
 year = {2007}
}

@article{Nicolas2012,
 archiveprefix = {arXiv},
 arxivid = {arXiv:1201.1492v1},
 author = {Nicolas, Alexandre and Morozov, Alexander},
 doi = {10.1103/PhysRevLett.108.088302},
 eprint = {arXiv:1201.1492v1},
 issn = {0031-9007},
 journal = {Physical review letters},
 link = {http://arxiv.org/abs/1201.1492v1$\backslash$npapers2://publication/uuid/C00C42A8-B7E9-42E6-ADD9-41A00CF4110B},
 number = {8},
 pages = {088302},
 title = {Non-axisymmetric instability of shear-banded Taylor-Couette flow},
 volume = {cond-mat.s},
 year = {2012}
}

@article{Pinarbasi1995,
 author = {Pinarbasi, A and Liakopoulos, A},
 doi = {10.1016/0377-0257(94)01330-K},
 issn = {0377-0257},
 journal = {Journal of non-Newtonian Fluid Mechanics},
 month = {may},
 number = {2-3},
 pages = {227--241},
 title = {Stability of 2-layer Poiseuille Flow of Carreau-Yasuda and Bingham-like Fluids},
 volume = {57},
 year = {1995}
}

@article{Preziosi1989,
 author = {Preziosi, Luigi and Chen, KangPing and Joseph, D. D.},
 doi = {10.1017/S0022112089002077},
 issn = {0022-1120},
 journal = {Journal of Fluid Mechanics},
 link = {http://www.journals.cambridge.org/abstract{\_}S0022112089002077},
 pages = {323--356},
 title = {Lubricated pipelining: stability of core-annular flow},
 volume = {201},
 year = {1989}
}

@article{Renardy1985,
 author = {Renardy, Y},
 doi = {10.1063/1.865346},
 issn = {00319171},
 journal = {Physics of Fluids},
 link = {http://link.aip.org/link/?PFLDAS/28/3441/1$\backslash$npapers2://publication/uuid/E5678ECA-DC63-4D36-AB82-C006A7598F9A},
 number = {3441},
 pages = {20--23},
 title = {Instability at the interface between two shearing fluids in a channel},
 volume = {28},
 year = {1985}
}

@article{Renardy1988,
 author = {Renardy, Y},
 journal = {J. Non-Newtonian Fluid Mech.},
 pages = {99--115},
 title = {Stability of the interface in two-layer Couette flow of upper convected Maxwell liquids},
 volume = {28},
 year = {1988}
}

@article{Renardy1989,
 author = {Renardy, Y.Y},
 doi = {10.1063/1.857548},
 issn = {0899-8213},
 journal = {Physics of Fluids},
 month = {oct},
 number = {10},
 pages = {1666--1676},
 title = {Weakly nonlinear behaviour of periodic disturbances in two-layer Couette-Poiseuille flow},
 volume = {1},
 year = {1989}
}

@article{Renardy1995a,
 author = {Renardy, Yuriko Yamamuro},
 doi = {10.1007/BF00418144},
 issn = {0935-4964},
 journal = {Theoretical and Computational Fluid Mechanics},
 month = {nov},
 number = {6},
 pages = {463--475},
 title = {Spurt And Instability In A 2-Layer Johnson-Segalman Liquid},
 volume = {7},
 year = {1995}
}

@article{Renardy1995b,
 author = {Renardy, Yuriko Yamamuro},
 doi = {10.1016/0377-0257(94)01278-P},
 issn = {03770257},
 journal = {Journal of Non-Newtonian Fluid Mechanics},
 link = {http://linkinghub.elsevier.com/retrieve/pii/037702579401278P},
 month = {feb},
 number = {2},
 pages = {101--126},
 title = {Weakly nonlinear behavior of periodic disturbances in two-layer plane channel flow of upper-convected Maxwell liquids},
 volume = {56},
 year = {1995}
}

@article{Renardy1999,
 author = {Renardy, Y Y and Renardy, M},
 issn = {0377-0257},
 journal = {Journal of Non-Newtonian Fluid Mechanics},
 month = {mar},
 number = {3},
 pages = {215--234},
 title = {Instability due to second normal stress jump in two-layer shear flow of the Giesekus fluid},
 volume = {81},
 year = {1999}
}

@article{Renardy2000,
 author = {Renardy, M},
 doi = {10.1016/S0377-0257(99)00081-6},
 issn = {0377-0257},
 journal = {Journal of Non-Newtonian Fluid Mechanics},
 month = {may},
 number = {2-3},
 pages = {243--259},
 title = {Current issues in non-Newtonian flows: a mathematical perspective},
 volume = {90},
 year = {2000}
}

@incollection{Renardy2008,
 author = {Renardy, Michael},
 booktitle = {Evolutionary Equations},
 doi = {10.1016/S1874-5717(08)00005-4},
 editor = {{Dafermos, CM and Pokorny}, M},
 isbn = {978-0-08-093197-5},
 issn = {1874-5717},
 pages = {229--257},
 publisher = {Elsevier B.V.},
 series = {Handbook of Differential Equations-Evolutionary Equations},
 title = {Mathematical Analysis of Viscoelastic Fluids},
 volume = {4},
 year = {2008}
}

@article{Samanta2013,
 author = {Samanta, Devranjan and Dubief, Yves and Holzner, Markus and Sch{\"{a}}fer, Christof and Morozov, Alexander N and Wagner, Christian and Hof, Bj{\"{o}}rn},
 doi = {10.1073/pnas.1219666110},
 issn = {1091-6490},
 journal = {Proceedings of the National Academy of Sciences of the United States of America},
 link = {http://www.pubmedcentral.nih.gov/articlerender.fcgi?artid=3696777{\&}tool=pmcentrez{\&}rendertype=abstract},
 month = {jun},
 number = {26},
 pages = {10557--62},
 pmid = {23757498},
 title = {Elasto-inertial turbulence.},
 volume = {110},
 year = {2013}
}

@article{Scotto1999,
 author = {Scotto, S and Laure, P},
 doi = {10.1016/S0377-0257(98)00142-6},
 issn = {0377-0257},
 journal = {Journal of Non-Newtonian Fluid Mechanics},
 month = {jun},
 number = {1-2},
 pages = {71--92},
 title = {Linear stability of three-layer Poiseuille flow for Oldroyd-B fluids},
 volume = {83},
 year = {1999}
}

@article{Searle2016a,
 author = {Searle, Toby W. and Morozov, Alexander N.},
 journal = {In preparation},
 title = {A purely elastic self sustaining process in plane couette flow},
 year = {2016}
}

@article{Searle2016b,
 author = {Searle, Toby W. and Morozov, Alexander N.},
 journal = {In preparation},
 title = {A linear instability in the purely elastic oscillatory channel flow},
 year = {2016}
}

@article{Su1992a,
 author = {Su, Yuan-Yuan and Khomami, Bamin},
 doi = {10.1007/BF00701121},
 issn = {0035-4511},
 journal = {Rheologica Acta},
 number = {5},
 pages = {413--420},
 title = {Purely Elastic Interfacial Instabilities In Superposed Flow of Polymeric fluids},
 volume = {31},
 year = {1992}
}

@article{Su1992b,
 author = {Su, Yuan-Yuan and Khomami, Bamin},
 doi = {10.1122/1.550349},
 issn = {01486055},
 journal = {Journal of Rheology},
 link = {http://link.aip.org/link/?JOR/36/357/1{\&}Agg=doi},
 number = {2},
 pages = {357},
 title = {Interfacial stability of multilayer viscoelastic fluids in slit and converging channel die geometries},
 volume = {36},
 year = {1992}
}

@article{Toms1977,
 author = {Toms, B. A.},
 doi = {10.1063/1.861757},
 issn = {00319171},
 journal = {Physics of Fluids},
 link = {http://link.aip.org/link/PFLDAS/v20/i10/pS3/s1{\&}Agg=doi},
 number = {10},
 pages = {S3},
 title = {On the early experiments on drag reduction by polymers},
 volume = {20},
 year = {1977}
}

@article{Waleffe1997,
 author = {Waleffe, Fabian},
 doi = {10.1063/1.869185},
 issn = {10706631},
 journal = {Physics of Fluids},
 link = {http://link.aip.org/link/PHFLE6/v9/i4/p883/s1{\&}Agg=doi},
 number = {4},
 pages = {883},
 title = {On a self-sustaining process in shear flows},
 volume = {9},
 year = {1997}
}

@article{Waleffe1998,
 author = {Waleffe, Fabian},
 doi = {10.1103/PhysRevLett.81.4140},
 issn = {0031-9007},
 journal = {Physical Review Letters},
 link = {http://link.aps.org/doi/10.1103/PhysRevLett.81.4140},
 month = {nov},
 number = {19},
 pages = {4140--4143},
 title = {Three-Dimensional Coherent States in Plane Shear Flows},
 volume = {81},
 year = {1998}
}

@article{Waters1983,
 author = {Waters, N D},
 journal = {Journal of Non-Newtonian Fluid Mechanics},
 pages = {85--94},
 title = {The stability of two stratified “power-law” liquids in couette flow},
 volume = {12},
 year = {1983}
}

@article{Waters1987,
 author = {Waters, N D and Keeley, A M},
 isbn = {0377-0257},
 journal = {Journal of Non-Newtonian Fluid Mechanics},
 number = {2},
 pages = {161--181},
 title = {Stability of two stratified non-Newtonian liquids in couette flow},
 volume = {24},
 year = {1987}
}

@article{Weinstein1990,
 author = {Weinstein, S. J.},
 journal = {AIChE},
 number = {12},
 pages = {1873--1889},
 title = {Wave Propagation in the Flow of shear-thinning fluids down an incline},
 volume = {36},
 year = {1990}
}

@article{Wilson1992,
 author = {Wilson, G M and Khomami, B},
 doi = {10.1122/1.550446},
 issn = {03770257},
 journal = {Journal of Non-Newtonian Fluid Mechanics},
 pages = {355},
 title = {An experimental investigation of interfacial instabilities in multilayer flow of viscoelastic fluids. I. Incompatible polymer systems},
 volume = {45},
 year = {1992}
}

@article{Wilson1993a,
 author = {Wilson, G M and Khomami, B},
 doi = {10.1122/1.550446},
 issn = {03770257},
 journal = {Journal of Rheology},
 number = {2},
 pages = {341},
 title = {An experimental investigation of interfacial instabilities in multilayer flow of viscoelastic fluids. II. Elastic and nonlinear effects in incompatible polymer systems},
 volume = {37},
 year = {1993}
}

@article{Wilson1993b,
 author = {Wilson, G M and Khomami, B},
 doi = {10.1122/1.550446},
 issn = {03770257},
 journal = {Journal of Rheology},
 number = {2},
 pages = {341},
 title = {An experimental investigation of interfacial instabilities in multilayer flow of viscoelastic fluids. III. Compatible polymer systems},
 volume = {37},
 year = {1993}
}

@article{Wilson1997,
 author = {Wilson, H J and Rallison, J M},
 doi = {10.1016/S0377-0257(97)00025-6},
 issn = {0377-0257},
 journal = {Journal of Non-Newtonian Fluid Mechanics},
 month = {oct},
 number = {2-3},
 pages = {237--251},
 title = {Short wave instability of co-extruded elastic liquids with matched viscosities},
 volume = {72},
 year = {1997}
}

@article{Wilson1999a,
 author = {Wilson, H J and Rallison, J M},
 doi = {10.1016/S0377-0257(98)00186-4},
 issn = {0377-0257},
 journal = {Journal of Non-Newtonian Fluid Mechanics},
 month = {aug},
 number = {2-3},
 pages = {273--298},
 title = {Instability of channel flows of elastic liquids having continuously stratified properties},
 volume = {85},
 year = {1999}
}

@article{Wilson1999b,
 author = {Wilson, H J and Renardy, M and Renardy, Y},
 doi = {10.1016/S0377-0257(98)00087-1},
 issn = {0377-0257},
 journal = {Journal of non-Newtonian Fluid Mechanics},
 month = {jan},
 number = {2-3},
 pages = {251--268},
 title = {Structure of the spectrum in zero Reynolds number shear flow of the UCM and Oldroyd-B liquids},
 volume = {80},
 year = {1999}
}

@article{Wilson2006,
 author = {Wilson, Helen J},
 doi = {10.1098/rsta.2006.1892},
 issn = {1364-503X},
 journal = {Philosophical transactions. Series A, Mathematical, physical, and engineering sciences},
 link = {http://www.ncbi.nlm.nih.gov/pubmed/17090459},
 number = {1849},
 pages = {3267--83},
 pmid = {17090459},
 title = {Instabilities and constitutive modelling.},
 volume = {364},
 year = {2006}
}

@article{Wong1987,
 author = {Wong, W.T. and Jeng, C.C.},
 doi = {10.1016/0377-0257(87)85025-5},
 issn = {03770257},
 journal = {Journal of Non-Newtonian Fluid Mechanics},
 link = {http://linkinghub.elsevier.com/retrieve/pii/0377025787850255},
 number = {3},
 pages = {359--380},
 title = {The stability of two concentric non-Newtonian fluids in circular pipe flow},
 volume = {22},
 year = {1987}
}

@article{Wongsomnuk2000,
 author = {Wongsomnuk, P. and Banyam, J. and Sirivat, A.},
 doi = {10.1081/MB-100102483},
 issn = {0022-2348},
 journal = {Journal of Macromolecular Science, Part B: Physics},
 link = {http://www.informaworld.com/openurl?genre=article{\&}doi=10.1081/MB-100102483{\&}magic=crossref||D404A21C5BB053405B1A640AFFD44AE3},
 number = {5-6},
 pages = {723--730},
 title = {The Sharkskin Onset and Stability Diagram},
 volume = {39},
 year = {2000}
}

@article{Yiantsios1988,
 author = {Yiantsios, S. G. and Higgins, B. G.},
 doi = {10.1063/1.866933},
 issn = {00319171},
 journal = {Phys. Fluids},
 number = {11 , Nov. 1988},
 pages = {3225--3238},
 title = {Linear stability of plane Poiseuille flow of two superposed fluids.},
 volume = {31},
 year = {1988}
}

@article{Yih1967,
 author = {Yih, Chia-Shun},
 doi = {10.1017/S0022112067000357},
 issn = {0022-1120},
 journal = {Journal of Fluid Mechanics},
 number = {02},
 pages = {337},
 title = {Instability due to viscosity stratification},
 volume = {27},
 year = {1967}
}

@article{Yoo2013,
 archiveprefix = {arXiv},
 arxivid = {1301.2349},
 author = {Yoo, Chi-Deuk and Vi{\~{n}}als, Jorge},
 doi = {10.1039/c3sm00099k},
 eprint = {1301.2349},
 issn = {1744-683X},
 journal = {Soft Matter},
 link = {http://xlink.rsc.org/?DOI=c3sm00099k},
 number = {32},
 pages = {7817},
 title = {The role of viscoelastic contrast in orientation selection of block copolymer lamellar phases under oscillatory shear},
 volume = {9},
 year = {2013}
}

@article{Zilz2012,
 author = {Zilz, J and Poole, R J and Alves, M A and Bartolo, D and Levache, B and Lindner, A},
 doi = {10.1017/jfm.2012.411},
 issn = {0022-1120},
 journal = {Journal of Fluid Mechanics},
 month = {dec},
 pages = {203--218},
 title = {Geometric scaling of a purely elastic flow instability in serpentine channels},
 volume = {712},
 year = {2012}
}

